@article{Mostofsky:2008:RIR:1362432.1362433,
 author = {Mostofsky, Stewart H. and Simmonds, Daniel J.},
 title = {Response Inhibition and Response Selection: Two Sides of the Same Coin},
 journal = {J. Cognitive Neuroscience},
 issue_date = {May 2008},
 volume = {20},
 number = {5},
 month = may,
 year = {2008},
 issn = {0898-929X},
 pages = {751--761},
 numpages = {11},
 url = {http://dx.doi.org/10.1162/jocn.2008.20500},
 doi = {10.1162/jocn.2008.20500},
 acmid = {1362433},
 publisher = {MIT Press},
 address = {Cambridge, MA, USA},
} 

@inproceedings{Santos:2011:AAT:2006075.2006688,
 author = {Santos, Fabio E.  G. and Bastos, Angela P.  Z. and Andrade, Leila C.  V. and Revoredo, Kate and Mattos, Paulo},
 title = {Assessment of ADHD Through a Computer Game: An Experiment with a Sample of Students},
 booktitle = {Proceedings of the 2011 Third International Conference on Games and Virtual Worlds for Serious Applications},
 series = {VS-GAMES '11},
 year = {2011},
 isbn = {978-0-7695-4419-9},
 pages = {104--111},
 numpages = {8},
 url = {http://dx.doi.org/10.1109/VS-GAMES.2011.21},
 doi = {10.1109/VS-GAMES.2011.21},
 acmid = {2006688},
 publisher = {IEEE Computer Society},
 address = {Washington, DC, USA},
 keywords = {ADHD, naive bayes, decision tree, serious game},
} 

@inproceedings{Andrade:2006:SGA:1190617.1191298,
 author = {Andrade, Leila Cristina Vasconcelos de and Carvalho, Luis Alfredo Vidal and Lima, Cabral and Cruz, Adriano and Mattos, Paulo and Franco, Carlos and Soares, Adriana and Grieco, Bruno},
 title = {Supermarket Game: An Adaptive Intelligent Computer Game for Attention Deficit/Hyperactivity Disorder Diagnosis},
 booktitle = {Proceedings of the Fifth Mexican International Conference on Artificial Intelligence},
 series = {MICAI '06},
 year = {2006},
 isbn = {0-7695-2722-1},
 pages = {359--368},
 numpages = {10},
 url = {http://dx.doi.org/10.1109/MICAI.2006.45},
 doi = {10.1109/MICAI.2006.45},
 acmid = {1191298},
 publisher = {IEEE Computer Society},
 address = {Washington, DC, USA},
} 

@article{Heller2013,
 author = {Monika D. Heller, Kurt Roots, Sanjana Srivastava, Jennifer Schumann, Jaideep Srivastava, and T. Sigi Hale},
 title = {A Machine Learning-Based Analysis of Game Data for Attention Deficit Hyperactivity Disorder Assessment},
 journal = {Games for Health Journal},
 issue_date = {October 2013},
 volume = {2},
 number = {5},
 month = October,
 year = {2013},
 issn = {},
 pages = {291-298},
 numpages = {8},
 url = {},
 doi = {10.1089/g4h.2013.0058},
 acmid = {},
 publisher = {Games for Health Journal},
 address = {},
}

@Article{pmid17537284,
   Author="Andreou, P.  and Neale, B. M.  and Chen, W.  and Christiansen, H.  and Gabriels, I.  and Heise, A.  and Meidad, S.  and Muller, U. C.  and Uebel, H.  and Banaschewski, T.  and Manor, I.  and Oades, R.  and Roeyers, H.  and Rothenberger, A.  and Sham, P.  and Steinhausen, H. C.  and Asherson, P.  and Kuntsi, J. ",
   Title="{{R}eaction time performance in {A}{D}{H}{D}: improvement under fast-incentive condition and familial effects}",
   Journal="Psychol Med",
   Year="2007",
   Volume="37",
   Number="12",
   Pages="1703--1715",
   Month="Dec"
}

@Article{pmid21463041,
   Author="Epstein, J. N.  and Langberg, J. M.  and Rosen, P. J.  and Graham, A.  and Narad, M. E.  and Antonini, T. N.  and Brinkman, W. B.  and Froehlich, T.  and Simon, J. O.  and Altaye, M. ",
   Title="{{E}vidence for higher reaction time variability for children with {A}{D}{H}{D} on a range of cognitive tasks including reward and event rate manipulations}",
   Journal="Neuropsychology",
   Year="2011",
   Volume="25",
   Number="4",
   Pages="427--441",
   Month="Jul"
}

@Article{pmid24628425,
   Author="Karalunas, S. L.  and Geurts, H. M.  and Konrad, K.  and Bender, S.  and Nigg, J. T. ",
   Title="{{A}nnual research review: {R}eaction time variability in {A}{D}{H}{D} and autism spectrum disorders: measurement and mechanisms of a proposed trans-diagnostic phenotype}",
   Journal="J Child Psychol Psychiatry",
   Year="2014",
   Volume="55",
   Number="6",
   Pages="685--710",
   Month="Jun"
}